@article{muscle_based_bipeds,
  title={Flexible Muscle-Based Locomotion for Bipedal Creatures},
  author={Thomas Geijtenbeek and Michiel van de Panne and A. Frank van der Stappen},
  journal={ACM Transactions on Graphics},
  year={2013},
  volume = {32},
  number = {6},
  publisher={ACM SIGGRAPH}
}

@inproceedings{anim_human_athletics,
 author = {Hodgins, Jessica K. and Wooten, Wayne L. and Brogan, David C. and O'Brien, James F.},
 title = {Animating Human Athletics},
 booktitle = {Proceedings of the 22Nd Annual Conference on Computer Graphics and Interactive Techniques},
 series = {SIGGRAPH '95},
 year = {1995},
 isbn = {0-89791-701-4},
 pages = {71--78},
 numpages = {8},
 url = {http://doi.acm.org/10.1145/218380.218414},
 doi = {10.1145/218380.218414},
 acmid = {218414},
 publisher = {ACM},
 address = {New York, NY, USA},
 keywords = {computer animation, dynamic simulation, human motion, motion control, physically realistic modeling},
}

@inproceedings{composable_controllers,
 author = {Faloutsos, Petros and van de Panne, Michiel and Terzopoulos, Demetri},
 title = {Composable Controllers for Physics-based Character Animation},
 booktitle = {Proceedings of the 28th Annual Conference on Computer Graphics and Interactive Techniques},
 series = {SIGGRAPH '01},
 year = {2001},
 isbn = {1-58113-374-X},
 pages = {251--260},
 numpages = {10},
 url = {http://doi.acm.org/10.1145/383259.383287},
 doi = {10.1145/383259.383287},
 acmid = {383287},
 publisher = {ACM},
 address = {New York, NY, USA},
 keywords = {character animation, computer animation, physics-based animation control, physics-based modeling},
}

@MISC{soft_contacts,
    author = {Sumit Jain and C. Karen Liu},
    title = {Controlling Physics-Based Characters Using Soft Contacts},
    year = {}
}

@article{falling_landing,
 author = {Ha, Sehoon and Ye, Yuting and Liu, C. Karen},
 title = {Falling and Landing Motion Control for Character Animation},
 journal = {ACM Trans. Graph.},
 issue_date = {November 2012},
 volume = {31},
 number = {6},
 month = nov,
 year = {2012},
 issn = {0730-0301},
 pages = {155:1--155:9},
 articleno = {155},
 numpages = {9},
 url = {http://doi.acm.org/10.1145/2366145.2366174},
 doi = {10.1145/2366145.2366174},
 acmid = {2366174},
 publisher = {ACM},
 address = {New York, NY, USA},
 keywords = {character animation, optimal control, physics-based animation},
}

@misc{vball_footwork_block,
	author = {Marion Alexander and Adrian Honish},
	title = {Footwork for the Volleyball Block},
	year = {}
}

@misc{static_block_jumps,
	author = {Tal Amasay},
	title = {Static Block Jump Techniques in Volleyball: Upright Versus Squatting Start Position},
	year = {}
}

@article {inter_physics_anim,
author = {Geijtenbeek, T. and Pronost, N.},
title = {Interactive Character Animation Using Simulated Physics: A State-of-the-Art Review},
journal = {Computer Graphics Forum},
volume = {31},
number = {8},
publisher = {Blackwell Publishing Ltd},
issn = {1467-8659},
url = {http://dx.doi.org/10.1111/j.1467-8659.2012.03189.x},
doi = {10.1111/j.1467-8659.2012.03189.x},
pages = {2492--2515},
keywords = {computer animation, physics-based animation, physics simulation, motion control, virtual humans},
keywords = {I.3.7 [Computer Graphics]: Three-Dimensional Graphics and Realism -Animation, I.6.8 [Simulation and Modelling]: Types of Simulation -Animation},
year = {2012},
}

@article{opt_motion_synth,
 author = {Jain, Sumit and Ye, Yuting and Liu, C. Karen},
 title = {Optimization-based Interactive Motion Synthesis},
 journal = {ACM Trans. Graph.},
 issue_date = {January 2009},
 volume = {28},
 number = {1},
 month = feb,
 year = {2009},
 issn = {0730-0301},
 pages = {10:1--10:12},
 articleno = {10},
 numpages = {12},
 url = {http://doi.acm.org/10.1145/1477926.1477936},
 doi = {10.1145/1477926.1477936},
 acmid = {1477936},
 publisher = {ACM},
 address = {New York, NY, USA},
 keywords = {Character animation, nonlinear optimization, physics-based animation},
}

@inproceedings{motion_intentions,
 author = {Koga, Yoshihito and Kondo, Koichi and Kuffner, James and Latombe, Jean-Claude},
 title = {Planning Motions with Intentions},
 booktitle = {Proceedings of the 21st Annual Conference on Computer Graphics and Interactive Techniques},
 series = {SIGGRAPH '94},
 year = {1994},
 isbn = {0-89791-667-0},
 pages = {395--408},
 numpages = {14},
 url = {http://doi.acm.org/10.1145/192161.192266},
 doi = {10.1145/192161.192266},
 acmid = {192266},
 publisher = {ACM},
 address = {New York, NY, USA},
 keywords = {automatic manipulation planning, human arm kinematics, task-level graphic animation},
}

@misc{block_spike_survey,
	author = {Roberto Lobietti, Silvia Fantozzi, Rita Stagni, Simon G.S. Coleman}
	title = {A Biomechanical Comparison of Jumping Techniques in the Volleyball Block and Spike},
	year = {}
}

