@inproceedings{Mendonca2014,
    year={2014},
    isbn={978-3-319-05950-1},
    booktitle={World Conf. Information Systems and Technologies},
    title={Collaborative Training Tools for Emergency Restoration of Critical Infrastructure Systems},
    keywords={disaster response; critical infrastructure; computer-based collaboration},
    author={Mendon\c{c}a \emph{et al.}, David},
    address = {Madiera, Portugal},
    pages={571--581},
    year={2014},
    language={English},
    note = {doi: 10.1007/978-3-319-05951-8\_54}
}

@mastersthesis{Sammann2013,
    author = {Tyler Sammann},
    title = {Design and Evaluation of a Multi-user Collabroative Audio Environment for Musical Experimentation},
    school = {Dept. Comput. Sci., Rensselaer Polytechnic Inst.},
    address = {Troy, NY},
    year = {2013}
}

@article{Cockburn2008,
    author = {Cockburn \emph{et al.}, Andy },
    title = {A Review of Overview+Detail, Zooming, and Focus+Context Interfaces},
    journal = {ACM Comput. Surv.},
    issue_date = {December 2008},
    volume = {41},
    number = {1},
    month = jan,
    year = {2009},
    issn = {0360-0300},
    pages = {1--31},
    articleno = {2},
    numpages = {31},
    acmid = {1456652},
    publisher = {ACM},
    address = {New York, NY},
    keywords = {Information display, fisheye views, focus+context, information visualization, overview+detail, review paper, zoomable user interfaces},
    note = {doi: 10.1145/1456650.1456652}
} 

@article{Mitchell1853,
    author = {Samuel Augustus Mitchell},
    title = {A New Map of Louisiana with its Canals, Roads, \& Distances from place to place, along the Stage \& Steam Boat Routes.},
    journal = {A New Universal Atlas Containing Maps of the various Empires, Kingdoms, States and Republics Of The World},
    year = {1853},
    note = {[Online]. Available:
            \url{http://commons.wikimedia.org/wiki/File:1853_Mitchell_Map_of_Louisiana_-_Geographicus_-_LA-mitchell-1850.jpg}
(Accessed: 28 June 2014)}
}

@online{google_maps,
    title = {\emph{Google Maps}},
    note = {[Online]. Available: \url{https://maps.google.com} (Accessed: 28 June 2014)}
}

@inproceedings{Furnas1986,
    author = {Furnas, G. W.},
    title = {Generalized Fisheye Views},
    booktitle = {Proc. SIGCHI Conf. Human Factors Computing Systems},
    year = {1986},
    isbn = {0-89791-180-6},
    address = {Boston, MA},
    pages = {16--23},
    numpages = {8},
    acmid = {22342},
    note = {doi: 10.1145/22627.22342}
} 

@inproceedings{Furnas2006,
    author = {Furnas, George W.},
    title = {A Fisheye Follow-up: Further Reflections on Focus + Context},
    booktitle = {Proc. SIGCHI Conf. Human Factors Computing Systems},
    year = {2006},
    isbn = {1-59593-372-7},
    address = {Montr\'{e}al, Qu\'{e}bec, Canada},
    pages = {999--1008},
    numpages = {10},
    acmid = {1124921},
    keywords = {DOI, ZUI, bifocal lens, focus+context, generalized fisheye views, information visualization, view+overview, zoom},
    note = {doi: 10.1145/1124772.1124921}
} 

@article{Leung1994,
    author = {Leung, Y. K. and Apperley, M. D.},
    title = {A Review and Taxonomy of Distortion-oriented Presentation Techniques},
    journal = {ACM Trans. Comput.-Hum. Interact.},
    issue_date = {June 1994},
    volume = {1},
    number = {2},
    month = jun,
    year = {1994},
    issn = {1073-0516},
    pages = {126--160},
    numpages = {35},
    acmid = {180173},
    publisher = {ACM},
    address = {New York, NY},
    keywords = {Perspective Wall, bifocal displays, distortion-oriented presentation, fisheye views, focus + context techniques, graphical interfaces, information visualization, presentation techniques},
    note = {doi: 10.1145/180171.180173}
} 

@article{Kadmon1978,
    abstract = {{The evolution of a continuous projection for portraying the area of territorial units in proportion to a thematic variable has, in the past, eluded the cartographer. The present paper?resulting from postgraduate research in cartography by the second author under the supervision of the first?describes the development of such a projection and some of the possible applications.}},
    author = {Kadmon, Naftali and Shlomi, Eli},
    journal = {The Cartographic Journal},
    month = jun,
    number = {1},
    pages = {36--41},
    publisher = {Maney Publishing},
    title = {A Polyfocal Projection for Statistical Surfaces},
    volume = {15},
    year = {1978},
    note = {doi: 10.1179/caj.1978.15.1.36}
}

@inproceedings{Mackinlay1991,
    author = {Mackinlay \emph{et al.}, Jock D.},
    title = {The Perspective Wall: Detail and Context Smoothly Integrated},
    booktitle = {Proc. SIGCHI Conf. Human Factors Computing Systems},
    year = {1991},
    isbn = {0-89791-383-3},
    address = {New Orleans, LA},
    pages = {173--176},
    numpages = {4},
    acmid = {108870},
    note = {doi: 10.1145/108844.108870},
} 

@inproceedings{Sarkar1992,
    author = {Sarkar, Manojit and Brown, Marc H.},
    title = {Graphical Fisheye Views of Graphs},
    booktitle = {Proc. SIGCHI Conf. Human Factors Computing Systems},
    year = {1992},
    isbn = {0-89791-513-5},
    address = {Monterey, CA},
    pages = {83--91},
    numpages = {9},
    acmid = {142763},
    keywords = {fisheye views, information visualization},
    note = {doi: 10.1145/142750.142763},
} 

@inproceedings{Baudisch2001,
    author = {Baudisch \emph{et al.}, Patrick },
    title = {Focus Plus Context Screens: Combining Display Technology with Visualization Techniques},
    booktitle = {Proc. 14th Annu. ACM Symp. User Interface Software and Technology},
    year = {2001},
    isbn = {1-58113-438-X},
    address = {Orlando, FL},
    pages = {31--40},
    numpages = {10},
    acmid = {502354},
    keywords = {Display, fisheye view, focus plus context screen, mixed resolution, overview plus detail, video projector},
    note ={ doi: 10.1145/502348.502354 }
} 

@inproceedings{Baudisch2002,
    author = {Baudisch \emph{et al.}, Patrick},
    title = {Keeping Things in Context: A Comparative Evaluation of Focus Plus Context Screens, Overviews, and Zooming},
    booktitle = {Proc. SIGCHI Conf. Human Factors Computing Systems},
    year = {2002},
    isbn = {1-58113-453-3},
    address = {Minneapolis, MN},
    pages = {259--266},
    numpages = {8},
    acmid = {503423},
    keywords = {experimental evaluation, focus plus context screens, multi scale documents, overview plus detail, peripheral vision, zooming},
    note = { doi: 10.1145/503376.503423 }
} 

@article{Gansner2005,
    author = {Gansner \emph{et al.}, Emden R. },
    title = {Topological Fisheye Views for Visualizing Large Graphs},
    journal = {IEEE Transactions on Visualization and Computer Graphics},
    issue_date = {July 2005},
    volume = {11},
    number = {4},
    month = jul,
    year = {2005},
    issn = {1077-2626},
    pages = {457--468},
    numpages = {12},
    acmid = {1070748},
    publisher = {IEEE Educational Activities Department},
    address = {Piscataway, NJ},
    keywords = {Index Terms- Topological fisheye, Index Terms- Topological fisheye, large graph visualization., large graph visualization.},
    note = {doi: 10.1109/TVCG.2005.66}
} 

@inproceedings{Keahey1997,
    author = {Keahey, Thomas Alan and Robertson, Edward L.},
    title = {Nonlinear Magnification Fields},
    booktitle = {Proc. 1997 IEEE Symp. Information Visualization},
    year = {1997},
    isbn = {0-8186-8189-6},
    pages = {51--58},
    acmid = {857646},
    publisher = {IEEE Computer Society},
    address = {Washington, DC},
    note = {doi: 10.119/INFVIS.1997.6367886}
} 

@inproceedings{Keahey1998,
    author = {Keahey, Thomas Alan},
    title = {The Generalized Detail-In-Context Problem},
    booktitle = {Proc. 1998 IEEE Symp. Information Visualization},
    year = {1998},
    isbn = {0-8186-9093-3},
    location = {North Carolina},
    pages = {44--51},
    numpages = {8},
    acmid = {721211},
    publisher = {IEEE Computer Society},
    address = {Washington, DC},
    note = {doi: 10.1109/INFVIS.1998.729558}
} 

@inproceedings{Keahey1996,
    author = {Keahey, Thomas Alan and Robertson, Edward. L.},
    title = {Techniques for Non-linear Magnification Transformations},
    booktitle = {Proc. 1996 IEEE Symp. Information Visualization},
    year = {1996},
    isbn = {0-8186-7668-X},
    pages = {38--45},
    acmid = {857606},
    publisher = {IEEE Computer Society},
    address = {Washington, DC},
    keywords = {data visualisation, domain constraint, efficiency, expressiveness, magnifications combination, multiple transformations combination, nonlinear magnification transformations, normal views, piecewise linear methods, smooth interpolation},
    note = {doi: 10.1109/INFVIS.1996.559214}
} 

@article{Elmqvist2010,
    author = {Elmqvist \emph{et al.}, Niklas},
    title = {M\`{e}lange: Space Folding for Visual Exploration},
    journal = {IEEE Transactions on Visualization and Computer Graphics},
    issue_date = {May 2010},
    volume = {16},
    number = {3},
    month = may,
    year = {2010},
    issn = {1077-2626},
    pages = {468--483},
    numpages = {16},
    acmid = {1749527},
    publisher = {IEEE Educational Activities Department},
    address = {Piscataway, NJ},
    keywords = {Interaction, Interaction, visualization, navigation, exploration, folding, split screen, space distortion, focus+context., exploration, focus+context., folding, navigation, space distortion, split screen, visualization},
    note = {doi: 10.1109/TVCG.2009.86}
} 

@article{Bottger2008,
    author = {B\"{o}ttger \emph{et al.}, Joachim },
    title = {Map Warping for the Annotation of Metro Maps},
    journal = {IEEE Comput. Graph. Appl.},
    issue_date = {September 2008},
    volume = {28},
    number = {5},
    month = sep,
    year = {2008},
    issn = {0272-1716},
    pages = {56--65},
    numpages = {10},
    acmid = {1447526},
    publisher = {IEEE Computer Society Press},
    address = {Los Alamitos, CA},
    keywords = {annotation, interaction, metro map, metro map, annotation, warping, zooming technique, interaction, warping, zooming technique},
    note = { doi: 10.1109/MCG.2008.99 }
} 

@online{opengl_3_specification,
    title = {\emph{The OpenGL Graphics System: A Specification}},
    author = {Segal, Mark and Akeley, Kurt},
    month = {Sept. 23},
    year = {2008},
    note = {[Online]. Available FTP:
        www.opengl.org Directory: registry/doc/ File: glspec30.20080923.pdf
        (Accessed: 28 June 2014)}
}

@online{opengl_matrix_stack,
    title = {\emph{OpenGL FAQ / 9 Transformations}},
    note = {[Online]. Available:
        \url{http://www.opengl.org/archives/resources/faq/technical/transformations.htm}
        (Accessed: 28 June 2014)}
}

@online{glm_website,
    title = {\emph{OpenGL Mathematics}},
    year = {2014},
    month = {June 21},
    note = {[Online]. Available:
        \url{http://glm.g-truc.net/0.9.5/index.html}
        (Accessed: 28 June 2014)}
}

@online{opengl_depth_buffer,
    title = {\emph{OpenGL FAQ / 12 The Depth Buffer}},
    note = {[Online]. Available:
        \url{http://www.opengl.org/archives/resources/faq/technical/depthbuffer.htm}
        (Accessed: 28 June 2014)}
}

@book{Berg1993,
    author = {de Berg, Mark},
    title = {Ray Shooting, Depth Orders and Hidden Surface Removal},
    year = {1993},
    isbn = {0387570209},
    publisher = {Springer},
    address = {Secaucus, NJ},
} 

@online{glut_website,
    title = {\emph{GLUT - The OpenGL Utility Toolkit}},
    note = {[Online]. Available:
        \url{http://www.opengl.org/resources/libraries/glut/}
        (Accessed: 28 June 2014)}
}

@online{freetype_website,
    title = {\emph{The FreeType Project}},
    year = {2014},
    month = {Mar. 11},
    note = {[Online]. Available:
        \url{http://www.freetype.org}
        (Accessed: 28 June 2014)}
}

@article{Corless1996,
    year={1996},
    issn={1019-7168},
    journal={Advances in Computational Mathematics},
    volume={5},
    number={1},
    title={On the Lambert W function},
    publisher={Baltzer Science Publishers, Baarn/Kluwer Academic Publishers},
    author={Corless \emph{et al.}, R.M. },
    pages={329-359},
    language={English},
    note = {doi: 10.1007/BF02124750}
}

@online{gdebugger_website,
    title = {\emph{gDEBugger - OpenGL and OpenCL Debugger, Profiler and Memory Analyzer}},
    year = {2010},
    month = {Dec. 16},
    note = {[Online]. Available:
        \url{http://www.gremedy.com}
        (Accessed: 28 June 2014)}
}
